<?xml version="1.0" encoding="UTF-8"?><collection xmlns="http://www.loc.gov/MARC21/slim"><record><leader>00535nam--2200181-i-4500</leader><controlfield tag="001">000017569</controlfield><controlfield tag="002">20161230</controlfield><controlfield tag="005">20170209161824</controlfield><controlfield tag="008">060222s1000------------r-----000-0-eng-d</controlfield><datafield ind1=" " ind2=" " tag="080"><subfield code="a">539.219.3</subfield></datafield><datafield ind1=" " ind2=" " tag="100"><subfield code="a">Adda, Yves</subfield></datafield><datafield ind1=" " ind2=" " tag="245"><subfield code="a">La diffusion dans les solides. t.I-II</subfield></datafield><datafield ind1=" " ind2=" " tag="260"><subfield code="a">Saclau</subfield><subfield code="b">Institut National Des Sciences Et Techniques Nucleaires</subfield><subfield code="c">1966</subfield></datafield><datafield ind1=" " ind2=" " tag="300"><subfield code="a">667-1268 p. + XVII</subfield></datafield><datafield ind1=" " ind2=" " tag="490"><subfield code="a">Biblioteque Des Sciences Et Techniques Nucleaires</subfield></datafield><datafield ind1=" " ind2=" " tag="700"><subfield code="a">Philibert, Jean</subfield></datafield><datafield ind1=" " ind2=" " tag="852"><subfield code="a">25762</subfield></datafield><datafield ind1=" " ind2=" " tag="CAT"><subfield code="a">SYS</subfield><subfield code="c">20170209</subfield><subfield code="h">161824</subfield></datafield></record></collection>